101 051000033059999997 1610060000A094101TCB SERVICES           ABC TRUST                      
5200MY BEST COMP.   INCLUDES OVERTIME   141987123 PPDPAYROLL   151001151007   11099912 0000001
6220310000531234567890       0000010000               WAGNER, MATT            0000310000500001
6320310000531234567891       0000015000               SMITH, STEVE            0000310000500002
82200000020006200010000000000000000000025000141987123                                  0000001
9000001000001000000020006200010000000000000000000025000                                       
9999999999999999999999999999999999999999999999999999999999999999999999999999999999999999999999
9999999999999999999999999999999999999999999999999999999999999999999999999999999999999999999999
9999999999999999999999999999999999999999999999999999999999999999999999999999999999999999999999
9999999999999999999999999999999999999999999999999999999999999999999999999999999999999999999999
